
@article{cunningham_effects_1975,
	title = {The effects of redshifts and focusing on the spectrum of an accretion disk around a {Kerr} black hole},
	volume = {202},
	issn = {0004-637X, 1538-4357},
	url = {http://adsabs.harvard.edu/doi/10.1086/154033},
	doi = {10.1086/154033},
	language = {en},
	urldate = {2020-08-04},
	journal = {ApJ},
	author = {Cunningham, C. T.},
	month = dec,
	year = {1975},
	pages = {788},
	file = {Cunningham - 1975 - The effects of redshifts and focusing on the spect.pdf:/Users/phajy/Zotero/storage/R9ETNWUA/Cunningham - 1975 - The effects of redshifts and focusing on the spect.pdf:application/pdf},
}
